<record xmlns="http://www.loc.gov/MARC21/slim" xmlns:xsi="http://www.w3.org/2001/XMLSchema-instance" xsi:schemaLocation="http://www.loc.gov/MARC21/slim http://www.loc.gov/standards/marcxml/schema/MARC21slim.xsd"><leader>01030cz   2200205n  4500</leader><controlfield tag="001">oca00351901 </controlfield><controlfield tag="005">20030522052705.0</controlfield><controlfield tag="008">800609n| acannaabn          |a aaa      </controlfield><datafield ind1=" " ind2=" " tag="010"><subfield code="a">n  79120267 </subfield></datafield><datafield ind1=" " ind2=" " tag="040"><subfield code="a">DLC</subfield><subfield code="b">eng</subfield><subfield code="c">DLC</subfield><subfield code="d">DLC</subfield><subfield code="d">NjP</subfield><subfield code="d">OCoLC</subfield><subfield code="d">InU</subfield></datafield><datafield ind1="1" ind2=" " tag="100"><subfield code="a">Silius Italicus, Tiberius Catius</subfield></datafield><datafield ind1="1" ind2=" " tag="400"><subfield code="a">Silius,</subfield><subfield code="c">Italicus</subfield></datafield><datafield ind1="1" ind2=" " tag="400"><subfield code="a">Sillius,</subfield><subfield code="c">Italicus</subfield></datafield><datafield ind1="1" ind2=" " tag="400"><subfield code="a">Silio,</subfield><subfield code="c">Italico</subfield></datafield><datafield ind1="1" ind2=" " tag="400"><subfield code="a">Silius Italicus, C.</subfield><subfield code="q">(Catius)</subfield></datafield><datafield ind1="1" ind2=" " tag="400"><subfield code="a">Silius Italicus, Catius</subfield></datafield><datafield ind1=" " ind2=" " tag="670"><subfield code="a">His Sillij Italici opus de Bello Punico Secundo, 1515 [i.e. 1516]:</subfield><subfield code="b">leaf 2 verso (Sillius Italicus; b. in the city of Italica in Spain)</subfield></datafield><datafield ind1=" " ind2=" " tag="670"><subfield code="a">Oxford class. dict., 2nd ed.</subfield><subfield code="b">(Silius Italicus; an inscription gives his full name, Tiberius Catius Asconius Silius Italicus; birthplace uncertain, perhaps Patavium, but not Italica in Spain; d. ca. A.D. 101 aged 75)</subfield></datafield><datafield ind1=" " ind2=" " tag="670"><subfield code="a">Laudizi, G. Silio Italico, 1989:</subfield><subfield code="b">jkt (28-103; Roman consul in 68 A.D.)</subfield></datafield><datafield ind1=" " ind2=" " tag="670"><subfield code="a">Das VerhaÌ&#x88;ltnis der Punica des C. Silius Italicus zur dritten Dekade des T. Livius, 1883.</subfield></datafield></record>